Bank_Account,Date,Description, Deposit , Withdrawal , Balance , Control ,Direction,Amount,Category,Account_Code,Account_Name,Tax_Type,Counterparty,Confidence,Rule_ID,Review_Needed,Classification_Source,Notes,Manual_Category,Manual_Account_Code,Manual_Account_Name,Manual_Tax_Type,Manual_Counterparty,Manual_Review_Status,Manual_Notes
HSBC HKD Current Account,3/1/2025,CHEQUE 100834,," 5,390.00 "," 43,035.98 "," 43,035.98 ",,,,,,,,,,,,,,6300,Company secretarial fee,,,,
HSBC HKD Current Account,7/1/2025,MANULIFE PROVIDENT F 0412548001,," 6,620.63 "," 36,415.35 "," 36,415.35 ",,,,,,,,,,,,,,6800,Mandatory provident fund,,,,
HSBC HKD Current Account,10/1/2025,5592-4033-3377-2530 N11000007118(10JAN25),, 758.00 ," 35,657.35 "," 35,657.35 ",,,,,,,,,,,,,,2400,Director's C/A,,,,
HSBC HKD Current Account,13/1/2025,THE VALLEY OF ARTS D HC12511272926828 12JAN," 3,529.00 ",," 39,186.35 "," 39,186.35 ",,,,,,,,,,,,,,4000,Sales,,,,
HSBC HKD Current Account,21/1/2025,MCD 100836,," 5,286.89 ",," 33,899.46 ",,,,,,,,,,,,,,1090,Interbank,,,,
HSBC HKD Current Account,21/1/2025,MCD 100835,," 5,760.37 "," 28,139.09 "," 28,139.09 ",,,,,,,,,,,,,,1090,Interbank,,,,
HSBC HKD Current Account,23/1/2025,LEAPSING COMPANY LIM HC12512303125428 23JAN," 3,690.00 ",," 31,829.09 "," 31,829.09 ",,,,,,,,,,,,,,4000,Sales,,,,
HSBC HKD Current Account,24/1/2025,LEAPCHUN COMPANY LIM HC12512404996501 24JAN," 1,800.00 ",,," 33,629.09 ",,,,,,,,,,,,,,4000,Sales,,,,
HSBC HKD Current Account,24/1/2025,LEAPBUD COMPANY LIMI HC12512405003363 24JAN," 1,530.00 ",,," 35,159.09 ",,,,,,,,,,,,,,4000,Sales,,,,
HSBC HKD Current Account,24/1/2025,LEAPHUA COMPANY LIMI HC12512405005083 24JAN," 2,610.00 ",," 37,769.09 "," 37,769.09 ",,,,,,,,,,,,,,4000,Sales,,,,
HSBC HKD Current Account,7/2/2025,MANULIFE PROVIDENT F 0412548001,," 6,862.25 "," 30,906.84 "," 30,906.84 ",,,,,,,,,,,,,,6800,Mandatory provident fund,,,,
HSBC HKD Current Account,13/2/2025,LEAPCHUN COMPANY LIM HC12521359518878 13FEB," 1,935.00 ",,," 32,841.84 ",,,,,,,,,,,,,,4000,Sales,,,,
HSBC HKD Current Account,13/2/2025,LEAPBUD MANAGEMENT L HC12521359519150 13FEB," 1,575.00 ",,," 34,416.84 ",,,,,,,,,,,,,,4000,Sales,,,,
HSBC HKD Current Account,13/2/2025,LEAPSING COMPANY LIM HC12521359519511 13FEB," 3,645.00 ",,," 38,061.84 ",,,,,,,,,,,,,,4000,Sales,,,,
HSBC HKD Current Account,13/2/2025,LEAPHUA COMPANY LIMI HC12521359519821 13FEB," 2,745.00 ",,," 40,806.84 ",,,,,,,,,,,,,,4000,Sales,,,,
HSBC HKD Current Account,13/2/2025,LEAPBUD COMPANY LIMI HC12521359520003 13FEB," 1,890.00 ",,," 42,696.84 ",,,,,,,,,,,,,,4000,Sales,,,,
HSBC HKD Current Account,13/2/2025,LEAPBUD COMPANY LIMI HC12521359520008 13FEB," 2,115.00 ",," 44,811.84 "," 44,811.84 ",,,,,,,,,,,,,,4000,Sales,,,,
HSBC HKD Current Account,8/3/2025,THE VALLEY OF ARTS D HC12530824242713 08MAR," 3,519.00 ",,," 48,330.84 ",,,,,,,,,,,,,,4000,Sales,,,,
HSBC HKD Current Account,8/3/2025,THE VALLEY OF ARTS D HC12530824244106 08MAR," 3,500.00 ",," 51,830.84 "," 51,830.84 ",,,,,,,,,,,,,,4000,Sales,,,,
HSBC HKD Current Account,11/3/2025,5592-4033-3377-2530 N31102004693(11MAR25),," 1,375.38 "," 50,455.46 "," 50,455.46 ",,,,,,,,,,,,,,2400,Director's C/A,,,,
HSBC HKD Current Account,25/3/2025,CHEQUE 100837,," 21,600.00 ",," 28,855.46 ",,,,,,,,,,,,,,6810,Marketing expenses,,,,
HSBC HKD Current Account,25/3/2025,MANULIFE PROVIDENT F 0412548001,," 6,496.38 "," 22,359.08 "," 22,359.08 ",,,,,,,,,,,,,,6800,Mandatory provident fund,,,,
HSBC HKD Current Account,8/4/2025,MANULIFE PROVIDENT F 0412548001,," 8,454.00 "," 13,905.08 "," 13,905.08 ",,,,,,,,,,,,,,6800,Mandatory provident fund,,,,
HSBC HKD Current Account,3/5/2025,LEAPBUD MANAGEMENT L HC12550378710999 03MAY, 855.00 ,,," 14,760.08 ",,,,,,,,,,,,,,4000,Sales,,,,
HSBC HKD Current Account,3/5/2025,LEAPCHUN COMPANY LIM HC12550378711032 03MAY," 5,761.30 ",,," 20,521.38 ",,,,,,,,,,,,,,4000,Sales,,,,
HSBC HKD Current Account,3/5/2025,LEAPBUD COMPANY LIMI HC12550378711674 03MAY," 3,420.70 ",,," 23,942.08 ",,,,,,,,,,,,,,4000,Sales,,,,
HSBC HKD Current Account,3/5/2025,LEAPHUA COMPANY LIMI HC12550378711915 03MAY," 5,591.60 ",,," 29,533.68 ",,,,,,,,,,,,,,4000,Sales,,,,
HSBC HKD Current Account,3/5/2025,LEAPSING COMPANY LIM HC12550378711953 03MAY," 7,068.20 ",," 36,601.88 "," 36,601.88 ",,,,,,,,,,,,,,4000,Sales,,,,
HSBC HKD Current Account,7/5/2025,CR TO 129-496493-001 N50795033788(07MAY25),," 5,980.00 "," 30,621.88 "," 30,621.88 ",,,,,,,,,,,,,,7200,Rental expenses,,,,
HSBC HKD Current Account,9/5/2025,MANULIFE PROVIDENT F 0412548001,," 8,032.43 "," 22,589.45 "," 22,589.45 ",,,,,,,,,,,,,,6800,Mandatory provident fund,,,,
HSBC HKD Current Account,12/5/2025,5592-4033-3377-2530 N51212699661(12MAY25),," 1,238.94 "," 21,350.51 "," 21,350.51 ",,,,,,,,,,,,,,2400,Director's C/A,,,,
HSBC HKD Current Account,13/5/2025,LEUNG KIN SHUN HC12551206830642 12MAY," 3,600.00 ",," 24,950.51 "," 24,950.51 ",,,,,,,,,,,,,,4000,Sales,,,,
HSBC HKD Current Account,22/5/2025,5592-4033-3377-2530 N52245787942(22MAY25),, 487.77 ," 24,462.74 "," 24,462.74 ",,,,,,,,,,,,,,2400,Director's C/A,,,,
HSBC HKD Current Account,3/6/2025,CHEQUE 100839,," 1,720.00 ",," 22,742.74 ",,,,,,,,,,,,,,5310,Cost of services,,,,
HSBC HKD Current Account,3/6/2025,CHEQUE 100838,," 2,200.00 "," 20,542.74 "," 20,542.74 ",,,,,,,,,,,,,,5310,Cost of services,,,,
HSBC HKD Current Account,5/6/2025,LEAPBUD MANAGEMENT L HC12560575671732 05JUN," 3,195.00 ",,," 23,737.74 ",,,,,,,,,,,,,,4000,Sales,,,,
HSBC HKD Current Account,5/6/2025,LEAPSING COMPANY LIM HC12560575682216 05JUN," 7,650.00 ",,," 31,387.74 ",,,,,,,,,,,,,,4000,Sales,,,,
HSBC HKD Current Account,5/6/2025,LEAPHUA COMPANY LIMI HC12560575689342 05JUN," 4,590.00 ",,," 35,977.74 ",,,,,,,,,,,,,,4000,Sales,,,,
HSBC HKD Current Account,5/6/2025,LEAPBUD COMPANY LIMI HC12560575692710 05JUN," 2,700.00 ",,," 38,677.74 ",,,,,,,,,,,,,,4000,Sales,,,,
HSBC HKD Current Account,5/6/2025,LEAPCHUN COMPANY LIM HC12560575696400 05JUN," 3,690.00 ",," 42,367.74 "," 42,367.74 ",,,,,,,,,,,,,,4000,Sales,,,,
HSBC HKD Current Account,6/6/2025,CHEQUE 100842,," 2,505.00 "," 39,862.74 "," 39,862.74 ",,,,,,,,,,,,,,6950,Office expenses,,,,
HSBC HKD Current Account,10/6/2025,MANULIFE PROVIDENT F 0412548001,," 8,854.75 "," 31,007.99 "," 31,007.99 ",,,,,,,,,,,,,,6800,Mandatory provident fund,,,,
HSBC HKD Current Account,16/6/2025,MR LEUNG KIN SHUN HC12561606700999 16JUN," 3,600.00 ",," 34,607.99 "," 34,607.99 ",,,,,,,,,,,,,,4000,Sales,,,,
HSBC HKD Current Account,17/6/2025,LEAPCHUN COMPANY LIM HC12561707827926 17JUN," 7,445.00 ",,," 42,052.99 ",,,,,,,,,,,,,,4000,Sales,,,,
HSBC HKD Current Account,17/6/2025,LEAPBUD MANAGEMENT L HC12561707828468 17JUN," 5,805.00 ",,," 47,857.99 ",,,,,,,,,,,,,,4000,Sales,,,,
HSBC HKD Current Account,17/6/2025,LEAPHUA COMPANY LIMI HC12561707829575 17JUN," 12,738.50 ",,," 60,596.49 ",,,,,,,,,,,,,,4000,Sales,,,,
HSBC HKD Current Account,17/6/2025,LEAPSING COMPANY LIM HC12561707829644 17JUN," 14,360.00 ",,," 74,956.49 ",,,,,,,,,,,,,,4000,Sales,,,,
HSBC HKD Current Account,17/6/2025,LEAPBUD COMPANY LIMI HC12561707829960 17JUN," 4,762.00 ",," 79,718.49 "," 79,718.49 ",,,,,,,,,,,,,,4000,Sales,,,,
HSBC HKD Current Account,30/6/2025,CHEQUE 100844,," 2,200.00 "," 77,518.49 "," 77,518.49 ",,,,,,,,,,,,,,6250,Business registration fee,,,,
HSBC HKD Current Account,4/7/2025,CHEQUE 100843,, 870.00 ," 76,648.49 "," 76,648.49 ",,,,,,,,,,,,,,7450,Sundries,,,,
HSBC HKD Current Account,11/7/2025,MANULIFE PROVIDENT F 0412548001,," 7,872.00 ",," 68,776.49 ",,,,,,,,,,,,,,6800,Mandatory provident fund,,,,
HSBC HKD Current Account,11/7/2025,MISS LIN SEN MEI HC12571179449083 11JUL," 6,960.00 ",," 75,736.49 "," 75,736.49 ",,,,,,,,,,,,,,4000,Sales,,,,
HSBC HKD Current Account,14/7/2025,MANULIFE PROVIDENT F 0412548001,, 900.00 ," 74,836.49 "," 74,836.49 ",,,,,,,,,,,,,,6800,Mandatory provident fund,,,,
HSBC HKD Current Account,16/7/2025,CHEQUE 100845,," 1,720.00 ",," 73,116.49 ",,,,,,,,,,,,,,5310,Cost of services,,,,
HSBC HKD Current Account,16/7/2025,CHEQUE 100846,," 2,200.00 "," 70,916.49 "," 70,916.49 ",,,,,,,,,,,,,,5310,Cost of services,,,,
HSBC HKD Current Account,17/7/2025,TAI SZE MAN DIANA HC12571795812918 17JUL," 5,000.00 ",," 75,916.49 "," 75,916.49 ",,,,,,,,,,,,,,4000,Sales,,,,
HSBC HKD Current Account,18/7/2025,MANULIFE PROVIDENT F 0412548001,, 288.00 ,," 75,628.49 ",,,,,,,,,,,,,,6800,Mandatory provident fund,,,,
HSBC HKD Current Account,18/7/2025,LEAPBUD MANAGEMENT L HC12571898858308 18JUL," 3,375.00 ",," 79,003.49 "," 79,003.49 ",,,,,,,,,,,,,,4000,Sales,,,,
HSBC HKD Current Account,19/7/2025,MR LEUNG KIN SHUN HC12571901832244 19JUL," 3,600.00 ",," 82,603.49 "," 82,603.49 ",,,,,,,,,,,,,,4000,Sales,,,,
HSBC HKD Current Account,21/7/2025,LEAPCHUN COMPANY LIM HC12572106019546 21JUL," 3,780.00 ",," 86,383.49 "," 86,383.49 ",,,,,,,,,,,,,,4000,Sales,,,,
HSBC HKD Current Account,22/7/2025,LEAPBUD COMPANY LIMI HC12572207872374 22JUL," 3,060.00 ",,," 89,443.49 ",,,,,,,,,,,,,,4000,Sales,,,,
HSBC HKD Current Account,22/7/2025,LEAPHUA COMPANY LIMI HC12572207872716 22JUL," 4,518.50 ",,," 93,961.99 ",,,,,,,,,,,,,,4000,Sales,,,,
HSBC HKD Current Account,22/7/2025,LEAPSING COMPANY LIM HC12572207872813 22JUL," 5,940.00 ",," 99,901.99 "," 99,901.99 ",,,,,,,,,,,,,,4000,Sales,,,,
HSBC HKD Current Account,23/7/2025,MR SO HO YIN HC12572310452601 23JUL," 5,520.00 ",," 105,421.99 "," 105,421.99 ",,,,,,,,,,,,,,4000,Sales,,,,
HSBC HKD Current Account,29/7/2025,MISS CHEUNG SZE MAN HC12572926800762 29JUL, 150.00 ,," 105,571.99 "," 105,571.99 ",,,,,,,,,,,,,,4300,Sundry income,,,,
HSBC HKD Current Account,1/8/2025,CHEQUE 100847,," 1,720.00 ",," 103,851.99 ",,,,,,,,,,,,,,5310,Cost of services,,,,
HSBC HKD Current Account,1/8/2025,CHEQUE 100848,," 2,200.00 "," 101,651.99 "," 101,651.99 ",,,,,,,,,,,,,,5310,Cost of services,,,,
HSBC HKD Current Account,4/8/2025,MANULIFE PROVIDENT F 0412548001,," 6,248.23 "," 95,403.76 "," 95,403.76 ",,,,,,,,,,,,,,6800,Mandatory provident fund,,,,
HSBC HKD Current Account,6/8/2025,CR TO 121-866131-838 N80612413009(06AUG25),," 20,000.00 "," 75,403.76 "," 75,403.76 ",,,,,,,,,,,,,,1090,Interbank,,,,
HSBC HKD Current Account,11/8/2025,MANULIFE PROVIDENT F 0412548001,," 8,405.00 ",," 66,998.76 ",,,,,,,,,,,,,,6800,Mandatory provident fund,,,,
HSBC HKD Current Account,11/8/2025,MISS LIN SEN MEI HC12581167101606 11AUG, 200.00 ,," 67,198.76 "," 67,198.76 ",,,,,,,,,,,,,,4300,Sundry income,,,,
HSBC HKD Current Account,12/8/2025,MANULIFE PROVIDENT F 0412548001,, 938.14 ," 66,260.62 "," 66,260.62 ",,,,,,,,,,,,,,6800,Mandatory provident fund,,,,
HSBC HKD Current Account,15/8/2025,MR LEUNG KIN SHUN HC12581577022958 15AUG," 3,600.00 ",," 69,860.62 "," 69,860.62 ",,,,,,,,,,,,,,4000,Sales,,,,
HSBC HKD Current Account,4/9/2025,CR TO 121-866131-838 N90414241906(04SEP25),," 53,000.00 "," 16,860.62 "," 16,860.62 ",,,,,,,,,,,,,,1090,Interbank,,,,
HSBC HKD Current Account,9/9/2025,CHEQUE 100849,, 105.00 ,," 16,755.62 ",,,,,,,,,,,,,,5310,Cost of services,,,,
HSBC HKD Current Account,9/9/2025,MR LEUNG KIN SHUN HC12590949767780 09SEP," 3,600.00 ",," 20,355.62 "," 20,355.62 ",,,,,,,,,,,,,,4000,Sales,,,,
HSBC HKD Current Account,11/9/2025,LEAPHUA COMPANY LIMI HC12591156357289 11SEP," 6,387.00 ",," 26,742.62 "," 26,742.62 ",,,,,,,,,,,,,,4000,Sales,,,,
HSBC HKD Current Account,12/9/2025,MANULIFE PROVIDENT F 0412548001,," 8,663.25 ",," 18,079.37 ",,,,,,,,,,,,,,6800,Mandatory provident fund,,,,
HSBC HKD Current Account,12/9/2025,LEAPCHUN COMPANY LIM HC12591258941795 12SEP," 6,005.50 ",,," 24,084.87 ",,,,,,,,,,,,,,4000,Sales,,,,
HSBC HKD Current Account,12/9/2025,LEAPBUD MANAGEMENT L HC12591258941830 12SEP," 6,769.50 ",,," 30,854.37 ",,,,,,,,,,,,,,4000,Sales,,,,
HSBC HKD Current Account,12/9/2025,LEAPBUD COMPANY LIMI HC12591258943942 12SEP," 5,355.00 ",,," 36,209.37 ",,,,,,,,,,,,,,4000,Sales,,,,
HSBC HKD Current Account,12/9/2025,LEAPSING COMPANY LIM HC12591258943949 12SEP," 8,100.00 ",," 44,309.37 "," 44,309.37 ",,,,,,,,,,,,,,4000,Sales,,,,
HSBC HKD Current Account,30/9/2025,CHEQUE 100850,," 10,200.00 "," 34,109.37 "," 34,109.37 ",,,,,,,,,,,,,,2200,Accruals,,,,
HSBC HKD Current Account,6/10/2025,CR TO 121-866131-838 NA0628155562(06OCT25),," 30,000.00 "," 4,109.37 "," 4,109.37 ",,,,,,,,,,,,,,1090,Interbank,,,,
HSBC HKD Current Account,9/10/2025,W OFFICE LIMITED NA0940660060(09OCT25)," 3,000.00 ",,," 7,109.37 ",,,,,,,,,,,,,,1090,Interbank,,,,
HSBC HKD Current Account,9/10/2025,LEAPBUD MANAGEMENT L HC125A0940021052 09OCT," 4,390.00 ",,," 11,499.37 ",,,,,,,,,,,,,,4000,Sales,,,,
HSBC HKD Current Account,9/10/2025,LEAPSING COMPANY LIM HC125A0940036049 09OCT," 4,050.00 ",,," 15,549.37 ",,,,,,,,,,,,,,4000,Sales,,,,
HSBC HKD Current Account,9/10/2025,LEAPHUA COMPANY LIMI HC125A0940158568 09OCT," 2,745.00 ",,," 18,294.37 ",,,,,,,,,,,,,,4000,Sales,,,,
HSBC HKD Current Account,9/10/2025,LEAPCHUN COMPANY LIM HC125A0940161480 09OCT," 2,543.50 ",,," 20,837.87 ",,,,,,,,,,,,,,4000,Sales,,,,
HSBC HKD Current Account,9/10/2025,LEAPBUD COMPANY LIMI HC125A0940164057 09OCT," 2,655.00 ",," 23,492.87 "," 23,492.87 ",,,,,,,,,,,,,,4000,Sales,,,,
HSBC HKD Current Account,13/10/2025,MANULIFE PROVIDENT F 0412548001,," 8,679.74 "," 14,813.13 "," 14,813.13 ",,,,,,,,,,,,,,6800,Mandatory provident fund,,,,
HSBC HKD Current Account,14/10/2025,CR TO 456-076512-833 BNI MEETINGF(14OCT25),," 4,200.00 "," 10,613.13 "," 10,613.13 ",,,,,,,,,,,,,,6810,Marketing expenses,,,,
HSBC HKD Current Account,15/10/2025,MR LEUNG KIN SHUN HC125A1557796188 15OCT," 3,600.00 ",," 14,213.13 "," 14,213.13 ",,,,,,,,,,,,,,4000,Sales,,,,
HSBC HKD Current Account,11/11/2025,PIONEER TECHNOLOGY L HC125B1140079687 11NOV," 12,240.00 ",,," 26,453.13 ",,,,,,,,,,,,,,4000,Sales,,,,
HSBC HKD Current Account,11/11/2025,CR TO 129-496493-001 RENT (11NOV25),," 5,980.00 ",," 20,473.13 ",,,,,,,,,,,,,,7200,Rental expenses,,,,
HSBC HKD Current Account,11/11/2025,CR TO 121-866131-838 NB1164886885(11NOV25),," 20,000.00 ", 473.13 , 473.13 ,,,,,,,,,,,,,,1090,Interbank,,,,
HSBC HKD Current Account,13/11/2025,MANULIFE PROVIDENT F 0412548001,," 8,396.06 ",," (7,922.93)",,,,,,,,,,,,,,6800,Mandatory provident fund,,,,
HSBC HKD Current Account,15/11/2025,UNAUTHORIZED OD CHARGE,, 120.00 ,," (8,042.93)",,,,,,,,,,,,,,6200,Bank charges,,,,
HSBC HKD Current Account,18/11/2025,LEAPBUD MANAGEMENT L HC125B1860733378 18NOV," 3,168.00 ",,," (4,874.93)",,,,,,,,,,,,,,4000,Sales,,,,
HSBC HKD Current Account,18/11/2025,LEAPSING COMPANY LIM HC125B1860736798 18NOV," 3,870.00 ",,," (1,004.93)",,,,,,,,,,,,,,4000,Sales,,,,
HSBC HKD Current Account,18/11/2025,LEAPHUA COMPANY LIMI HC125B1860739425 18NOV," 2,520.00 ",,," 1,515.07 ",,,,,,,,,,,,,,4000,Sales,,,,
HSBC HKD Current Account,18/11/2025,LEAPCHUN COMPANY LIM HC125B1860741817 18NOV," 3,150.50 ",,," 4,665.57 ",,,,,,,,,,,,,,4000,Sales,,,,
HSBC HKD Current Account,18/11/2025,LEAPBUD COMPANY LIMI HC125B1860746592 18NOV," 2,835.00 ",," 7,500.57 "," 7,500.57 ",,,,,,,,,,,,,,4000,Sales,,,,
HSBC HKD Current Account,19/11/2025,MR LEUNG KIN SHUN HC125B1963098467 19NOV," 3,600.00 ",," 11,100.57 "," 11,100.57 ",,,,,,,,,,,,,,4000,Sales,,,,
HSBC HKD Current Account,20/11/2025,SENTO AUTO TECH LIMI HC125B2067298785 20NOV," 8,075.00 ",," 19,175.57 "," 19,175.57 ",,,,,,,,,,,,,,4000,Sales,,,,
HSBC HKD Current Account,28/11/2025,28OCT25 TO 27NOV25 DEBIT INTEREST,, 14.22 ," 19,161.35 "," 19,161.35 ",,,,,,,,,,,,,,8100,Interest on bank overdraft,,,,
HSBC HKD Current Account,4/12/2025,CR TO 121-866131-838 NC0451520698(04DEC25),," 9,000.00 ",," 10,161.35 ",,,,,,,,,,,,,,1090,Interbank,,,,
HSBC HKD Current Account,4/12/2025,CR TO 129-496493-001 NC0451528543(04DEC25),," 5,980.00 "," 4,181.35 "," 4,181.35 ",,,,,,,,,,,,,,7200,Rental expenses,,,,
HSBC HKD Current Account,9/12/2025,LEAPBUD MANAGEMENT L HC125C0927733231 09DEC," 4,365.50 ",,," 8,546.85 ",,,,,,,,,,,,,,4000,Sales,,,,
HSBC HKD Current Account,9/12/2025,LEAPSING COMPANY LIM HC125C0927737162 09DEC," 3,690.00 ",,," 12,236.85 ",,,,,,,,,,,,,,4000,Sales,,,,
HSBC HKD Current Account,9/12/2025,LEAPHUA COMPANY LIMI HC125C0927740111 09DEC," 3,105.00 ",,," 15,341.85 ",,,,,,,,,,,,,,4000,Sales,,,,
HSBC HKD Current Account,9/12/2025,LEAPCHUN COMPANY LIM HC125C0927743020 09DEC," 3,189.50 ",,," 18,531.35 ",,,,,,,,,,,,,,4000,Sales,,,,
HSBC HKD Current Account,9/12/2025,LEAPBUD COMPANY LIMI HC125C0927745659 09DEC," 1,665.00 ",," 20,196.35 "," 20,196.35 ",,,,,,,,,,,,,,4000,Sales,,,,
HSBC HKD Current Account,11/12/2025,MANULIFE PROVIDENT F 0412548001,," 8,140.75 "," 12,055.60 "," 12,055.60 ",,,,,,,,,,,,,,6800,Mandatory provident fund,,,,
HSBC HKD Current Account,15/12/2025,MR LEUNG KIN SHUN HC125C1545872520 15DEC," 1,800.00 ",," 13,855.60 "," 13,855.60 ",,,,,,,,,,,,,,4000,Sales,,,,
HSBC HKD Current Account,22/12/2025,PIONEER TECHNOLOGY L HC125C2265660741 22DEC," 3,600.00 ",," 17,455.60 "," 17,455.60 ",,,,,,,,,,,,,,4000,Sales,,,,
HSBC HKD Current Account,29/12/2025,5592-4033-3377-2530 NC2942041380(29DEC25),, 224.00 ," 17,231.60 "," 17,231.60 ",,,,,,,,,,,,,,2400,Director's C/A,,,,
,,,,,,,,,,,,,,,,,,,,,,,,,
HSBC HKD Savings Account,3/1/2025,SALARY,," 20,662.50 ",," 169,761.37 ",,,,,,,,,,,,,,7300,Salaries,,,,
HSBC HKD Savings Account,3/1/2025,SALARY,," 50,573.00 "," 119,188.37 "," 119,188.37 ",,,,,,,,,,,,,,7300,Salaries,,,,
HSBC HKD Savings Account,6/1/2025,APS CHARGES I02 SALARY,, 1.00 ,," 119,187.37 ",,,,,,,,,,,,,,6200,Bank charges,,,,
HSBC HKD Savings Account,6/1/2025,APS CHARGES I01 SALARY,, 3.50 ," 119,183.87 "," 119,183.87 ",,,,,,,,,,,,,,6200,Bank charges,,,,
HSBC HKD Savings Account,7/1/2025,CR TO 168-294437-001 RENT (07JAN25),," 5,980.00 ",," 113,203.87 ",,,,,,,,,,,,,,7200,Rental expenses,,,,
HSBC HKD Savings Account,7/1/2025,CR TO 168-294437-001 DOOR CARD (07JAN25),, 50.00 ,," 113,153.87 ",,,,,,,,,,,,,,7200,Rental expenses,,,,
HSBC HKD Savings Account,7/1/2025,REF:58A9 0494 CHEQUE DEPOSIT MACHINE (07JAN25)," 4,000.00 ",," 117,153.87 "," 117,153.87 ",,,,,,,,,,,,,,4000,Sales,,,,
HSBC HKD Savings Account,13/1/2025,REF:5896 0313 CHEQUE DEPOSIT MACHINE (13JAN25)," 3,600.00 ",," 120,753.87 "," 120,753.87 ",,,,,,,,,,,,,,4000,Sales,,,,
HSBC HKD Savings Account,14/1/2025,LANGO INNOVATION L N11412315543(14JAN25)," 8,000.00 ",," 128,753.87 "," 128,753.87 ",,,,,,,,,,,,,,4000,Sales,,,,
HSBC HKD Savings Account,16/1/2025,CHG FOR AUDIT CONF O N 31122024 (16JAN25),, 760.00 ,," 127,993.87 ",,,,,,,,,,,,,,6200,Bank charges,,,,
HSBC HKD Savings Account,16/1/2025,REF:58A9 0520 CHEQUE DEPOSIT MACHINE (16JAN25)," 14,300.00 ",," 142,293.87 "," 142,293.87 ",,,,,,,,,,,,,,4000,Sales,,,,
HSBC HKD Savings Account,17/1/2025,SALARY,," 54,100.00 "," 88,193.87 "," 88,193.87 ",,,,,,,,,,,,,,7300,Salaries,,,,
HSBC HKD Savings Account,20/1/2025,APS CHARGES I02 SALARY,, 1.00 ," 88,192.87 "," 88,192.87 ",,,,,,,,,,,,,,6200,Bank charges,,,,
HSBC HKD Savings Account,27/1/2025,CR TO 129-496493-001 RENT (27JAN25),," 5,980.00 ",," 82,212.87 ",,,,,,,,,,,,,,7200,Rental expenses,,,,
HSBC HKD Savings Account,27/1/2025,CR TO 521-080598-838 LOAN (27JAN25),," 9,975.00 "," 72,237.87 "," 72,237.87 ",,,,,,,,,,,,,,2060,Loan payables,,,,
HSBC HKD Savings Account,28/1/2025,CREDIT INTEREST, 26.00 ,,," 72,263.87 ",,,,,,,,,,,,,,4100,Bank interest income,,,,
HSBC HKD Savings Account,28/1/2025,SALARY,," 19,013.00 ",," 53,250.87 ",,,,,,,,,,,,,,7300,Salaries,,,,
HSBC HKD Savings Account,28/1/2025,SALARY,," 21,310.00 "," 31,940.87 "," 31,940.87 ",,,,,,,,,,,,,,7300,Salaries,,,,
HSBC HKD Savings Account,3/2/2025,APS CHARGES I02 SALARY,, 0.50 ,," 31,940.37 ",,,,,,,,,,,,,,6200,Bank charges,,,,
HSBC HKD Savings Account,3/2/2025,APS CHARGES I01 SALARY,, 1.50 ,," 31,938.87 ",,,,,,,,,,,,,,6200,Bank charges,,,,
HSBC HKD Savings Account,3/2/2025,LATE STUDIO LIMITED N20376908157(03FEB25)," 3,500.00 ",," 35,438.87 "," 35,438.87 ",,,,,,,,,,,,,,4000,Sales,,,,
HSBC HKD Savings Account,4/2/2025,SALARY,," 1,785.00 ",," 33,653.87 ",,,,,,,,,,,,,,7300,Salaries,,,,
HSBC HKD Savings Account,4/2/2025,SALARY,," 4,185.00 "," 29,468.87 "," 29,468.87 ",,,,,,,,,,,,,,7300,Salaries,,,,
HSBC HKD Savings Account,5/2/2025,APS CHARGES I02 SALARY,, 0.50 ,," 29,468.37 ",,,,,,,,,,,,,,6200,Bank charges,,,,
HSBC HKD Savings Account,5/2/2025,APS CHARGES I01 SALARY,, 2.00 ," 29,466.37 "," 29,466.37 ",,,,,,,,,,,,,,6200,Bank charges,,,,
HSBC HKD Savings Account,6/2/2025,FG00121092 SFGS SING LE UPFRONT GUARANTEE FEE,," 7,624.49 ",," 21,841.88 ",,,,,,,,,,,,,,5300,Handling charges,,,,
HSBC HKD Savings Account,6/2/2025,LOAN DRAWDOWN FOR 52 1-304535-034," 940,000.00 ",,," 961,841.88 ",,,,,,,,,,,,,,2701,HSB Bank loan-034,,,,
HSBC HKD Savings Account,6/2/2025,HANDLING FEE FOR 521 -304535-034,," 23,500.00 "," 938,341.88 "," 938,341.88 ",,,,,,,,,,,,,,5300,Handling charges,,,,
HSBC HKD Savings Account,7/2/2025,CO AMENDMENT FEE SERVICE CHARGE1,, 250.00 ,," 938,091.88 ",,,,,,,,,,,,,,6200,Bank charges,,,,
HSBC HKD Savings Account,7/2/2025,REF:58AB 0286 CHEQUE DEPOSIT MACHINE (07FEB25)," 4,000.00 ",," 942,091.88 "," 942,091.88 ",,,,,,,,,,,,,,4000,Sales,,,,
HSBC HKD Savings Account,18/2/2025,5592-4033-3377-2530 N21827395010(18FEB25),, 619.38 ,," 941,472.50 ",,,,,,,,,,,,,,2400,Director's C/A-JW,,,,
HSBC HKD Savings Account,18/2/2025,5592-4033-3377-2530 N21827398244(18FEB25),, 138.62 ,," 941,333.88 ",,,,,,,,,,,,,,2400,Director's C/A-JW,,,,
HSBC HKD Savings Account,18/2/2025,REF:5896 0217 CHEQUE DEPOSIT MACHINE (18FEB25)," 3,600.00 ",," 944,933.88 "," 944,933.88 ",,,,,,,,,,,,,,4000,Sales,,,,
HSBC HKD Savings Account,25/2/2025,CR TO 521-080598-838 N22549937524(25FEB25),," 9,975.00 "," 934,958.88 "," 934,958.88 ",,,,,,,,,,,,,,2060,Loan payables,,,,
HSBC HKD Savings Account,28/2/2025,CREDIT INTEREST, 143.89 ,,," 935,102.77 ",,,,,,,,,,,,,,4100,Bank interest income,,,,
HSBC HKD Savings Account,28/2/2025,REF:5865 0329 CHEQUE DEPOSIT MACHINE (28FEB25)," 1,200.00 ",," 936,302.77 "," 936,302.77 ",,,,,,,,,,,,,,4000,Sales,,,,
HSBC HKD Savings Account,5/3/2025,CR TO 129-496493-001 5980 OR 300 (05MAR25),," 6,280.00 ",," 930,022.77 ",,,,,,,,,,,,,,6950,Office expenses,,,,
HSBC HKD Savings Account,5/3/2025,SALARY,," 18,657.50 ",," 911,365.27 ",,,,,,,,,,,,,,7300,Salaries,,,,
HSBC HKD Savings Account,5/3/2025,SALARY,," 18,885.00 "," 892,480.27 "," 892,480.27 ",,,,,,,,,,,,,,7300,Salaries,,,,
HSBC HKD Savings Account,6/3/2025,APS CHARGES I02 SALARY,, 1.00 ,," 892,479.27 ",,,,,,,,,,,,,,6200,Bank charges,,,,
HSBC HKD Savings Account,6/3/2025,APS CHARGES I01 SALARY,, 3.50 ,," 892,475.77 ",,,,,,,,,,,,,,6200,Bank charges,,,,
HSBC HKD Savings Account,6/3/2025,004521304535034 LOAN INTEREST,," 2,350.00 ",," 890,125.77 ",,,,,,,,,,,,,,8001,Interest on bank loans-034,,,,
HSBC HKD Savings Account,6/3/2025,SALARY,," 38,619.00 ",," 851,506.77 ",,,,,,,,,,,,,,7300,Salaries,,,,
HSBC HKD Savings Account,6/3/2025,LAM Y*** M** J**** HC12530619728947 06MAR,," 1,563.80 "," 849,942.97 "," 849,942.97 ",,,,,,,,,,,,,,6950,Office expenses,,,,
HSBC HKD Savings Account,7/3/2025,APS CHARGES I02 SALARY,, 0.50 ,," 849,942.47 ",,,,,,,,,,,,,,6200,Bank charges,,,,
HSBC HKD Savings Account,7/3/2025,REF:58A9 0386 CHEQUE DEPOSIT MACHINE (07MAR25)," 4,000.00 ",," 853,942.47 "," 853,942.47 ",,,,,,,,,,,,,,4000,Sales,,,,
HSBC HKD Savings Account,11/3/2025,CR TO 521-080598-838 N31101634406(11MAR25),," 300,000.00 "," 553,942.47 "," 553,942.47 ",,,,,,,,,,,,,,2060,Loan payables,,,,
HSBC HKD Savings Account,14/3/2025,REF:5891 0093 CHEQUE DEPOSIT MACHINE (14MAR25)," 10,800.00 ",,," 564,742.47 ",,,,,,,,,,,,,,4000,Sales,,,,
HSBC HKD Savings Account,14/3/2025,CR TO 521-080598-838 N31411791278(14MAR25),," 141,270.00 "," 423,472.47 "," 423,472.47 ",,,,,,,,,,,,,,2060,Loan payables,,,,
HSBC HKD Savings Account,28/3/2025,CREDIT INTEREST, 119.40 ,," 423,591.87 "," 423,591.87 ",,,,,,,,,,,,,,4100,Bank interest income,,,,
HSBC HKD Savings Account,31/3/2025,CHARGES HC12533186626414 31MAR,, 5.00 ,," 423,586.87 ",,,,,,,,,,,,,,6200,Bank charges,,,,
HSBC HKD Savings Account,31/3/2025,WONG Y* T*** HC12533186626414 31MAR,," 4,300.00 "," 419,286.87 "," 419,286.87 ",,,,,,,,,,,,,,6950,Office expenses,,,,
HSBC HKD Savings Account,3/4/2025,CR TO 129-496493-001 N40379153534(03APR25),," 5,980.00 ",," 413,306.87 ",,,,,,,,,,,,,,7200,Rental expenses,,,,
HSBC HKD Savings Account,3/4/2025,SALARY,," 43,500.00 ",," 369,806.87 ",,,,,,,,,,,,,,7300,Salaries,,,,
HSBC HKD Savings Account,3/4/2025,SALARY,," 53,365.00 "," 316,441.87 "," 316,441.87 ",,,,,,,,,,,,,,7300,Salaries,,,,
HSBC HKD Savings Account,7/4/2025,APS CHARGES I02 SALARY,, 1.00 ,," 316,440.87 ",,,,,,,,,,,,,,6200,Bank charges,,,,
HSBC HKD Savings Account,7/4/2025,APS CHARGES I01 SALARY,, 5.50 ,," 316,435.37 ",,,,,,,,,,,,,,6200,Bank charges,,,,
HSBC HKD Savings Account,7/4/2025,004521304535034 LOAN INTEREST,," 2,350.00 "," 314,085.37 "," 314,085.37 ",,,,,,,,,,,,,,8001,Interest on bank loans-034,,,,
HSBC HKD Savings Account,8/4/2025,SALARY,, 297.50 ," 313,787.87 "," 313,787.87 ",,,,,,,,,,,,,,7300,Salaries,,,,
HSBC HKD Savings Account,9/4/2025,APS CHARGES I01 SALARY,, 2.50 ," 313,785.37 "," 313,785.37 ",,,,,,,,,,,,,,6200,Bank charges,,,,
HSBC HKD Savings Account,14/4/2025,REF:58A9 0523 CHEQUE DEPOSIT MACHINE (14APR25)," 14,900.00 ",,," 328,685.37 ",,,,,,,,,,,,,,4000,Sales,,,,
HSBC HKD Savings Account,14/4/2025,REF:58A9 0524 CHEQUE DEPOSIT MACHINE (14APR25)," 14,845.00 ",," 343,530.37 "," 343,530.37 ",,,,,,,,,,,,,,4000,Sales,,,,
HSBC HKD Savings Account,15/4/2025,REF:58AB 0238 CHEQUE DEPOSIT MACHINE (15APR25)," 4,000.00 ",," 347,530.37 "," 347,530.37 ",,,,,,,,,,,,,,4000,Sales,,,,
HSBC HKD Savings Account,22/4/2025,5592-4033-3377-2530 N41931229325(19APR25),, 542.87 ,," 346,987.50 ",,,,,,,,,,,,,,2400,Director's C/A-JW,,,,
HSBC HKD Savings Account,22/4/2025,LAM Y*** M** J**** HC12542246260175 22APR,, 330.60 ," 346,656.90 "," 346,656.90 ",,,,,,,,,,,,,,6950,Office expenses,,,,
HSBC HKD Savings Account,28/4/2025,CREDIT INTEREST, 74.50 ,,," 346,731.40 ",,,,,,,,,,,,,,4100,Bank interest income,,,,
HSBC HKD Savings Account,28/4/2025,INLAND REVENUE DEPAR HC12542862690924 28APR,, 27.00 ," 346,704.40 "," 346,704.40 ",,,,,,,,,,,,,,6950,Office expenses,,,,
HSBC HKD Savings Account,30/4/2025,TECHNET (HONG KONG) HC12543069885350 30APR," 2,200.00 ",," 348,904.40 "," 348,904.40 ",,,,,,,,,,,,,,4000,Sales,,,,
HSBC HKD Savings Account,6/5/2025,004521304535034 LOAN INTEREST,," 2,350.00 ",," 346,554.40 ",,,,,,,,,,,,,,8001,Interest on bank loans-034,,,,
HSBC HKD Savings Account,6/5/2025,REF:58EE 0406 CHEQUE DEPOSIT MACHINE (06MAY25)," 3,600.00 ",," 350,154.40 "," 350,154.40 ",,,,,,,,,,,,,,4000,Sales,,,,
HSBC HKD Savings Account,7/5/2025,SALARY,," 52,190.00 ",," 297,964.40 ",,,,,,,,,,,,,,7300,Salaries,,,,
HSBC HKD Savings Account,7/5/2025,SALARY,," 40,352.50 ",," 257,611.90 ",,,,,,,,,,,,,,7300,Salaries,,,,
HSBC HKD Savings Account,7/5/2025,LAM Y*** M** J**** HC12550791787692 07MAY,," 2,298.10 "," 255,313.80 "," 255,313.80 ",,,,,,,,,,,,,,7300,Salaries,,,,
HSBC HKD Savings Account,8/5/2025,APS CHARGES I02 SALARY,, 1.00 ,," 255,312.80 ",,,,,,,,,,,,,,6200,Bank charges,,,,
HSBC HKD Savings Account,8/5/2025,APS CHARGES I01 SALARY,, 5.50 ," 255,307.30 "," 255,307.30 ",,,,,,,,,,,,,,6200,Bank charges,,,,
HSBC HKD Savings Account,9/5/2025,SALARY,, 716.00 ," 254,591.30 "," 254,591.30 ",,,,,,,,,,,,,,7300,Salaries,,,,
HSBC HKD Savings Account,12/5/2025,APS CHARGES I01 SALARY,, 1.00 ,," 254,590.30 ",,,,,,,,,,,,,,6200,Bank charges,,,,
HSBC HKD Savings Account,12/5/2025,I01 09-05-2025 SALARY, 716.00 ,," 255,306.30 "," 255,306.30 ",,,,,,,,,,,,,,7300,Salaries,,,,
HSBC HKD Savings Account,19/5/2025,REF:5896 0324 CHEQUE DEPOSIT MACHINE (19MAY25)," 3,600.00 ",," 258,906.30 "," 258,906.30 ",,,,,,,,,,,,,,4000,Sales,,,,
HSBC HKD Savings Account,20/5/2025,REF:589C 0009 CHEQUE DEPOSIT MACHINE (20MAY25)," 7,385.00 ",," 266,291.30 "," 266,291.30 ",,,,,,,,,,,,,,4000,Sales,,,,
HSBC HKD Savings Account,28/5/2025,CREDIT INTEREST, 59.07 ,," 266,350.37 "," 266,350.37 ",,,,,,,,,,,,,,4100,Bank interest income,,,,
HSBC HKD Savings Account,4/6/2025,SALARY SALARY,," 49,741.25 "," 216,609.12 "," 216,609.12 ",,,,,,,,,,,,,,7300,Salaries,,,,
HSBC HKD Savings Account,5/6/2025,APS CHARGES SALARY SALARY,, 7.50 ,," 216,601.62 ",,,,,,,,,,,,,,6200,Bank charges,,,,
HSBC HKD Savings Account,5/6/2025,CR TO 129-496493-001 N60597074666(05JUN25),," 5,980.00 "," 210,621.62 "," 210,621.62 ",,,,,,,,,,,,,,7200,Rental expenses,,,,
HSBC HKD Savings Account,6/6/2025,004521304535034 LOAN INTEREST,," 2,350.00 ",," 208,271.62 ",,,,,,,,,,,,,,8001,Interest on bank loans-034,,,,
HSBC HKD Savings Account,6/6/2025,SALARY SALARY,," 51,769.00 ",," 156,502.62 ",,,,,,,,,,,,,,7300,Salaries,,,,
HSBC HKD Savings Account,6/6/2025,LAM Y*** M** J**** HC12560677766772 06JUN,, 500.00 ," 156,002.62 "," 156,002.62 ",,,,,,,,,,,,,,7300,Salaries,,,,
HSBC HKD Savings Account,9/6/2025,APS CHARGES SALARY SALARY,, 1.00 ," 156,001.62 "," 156,001.62 ",,,,,,,,,,,,,,6200,Bank charges,,,,
HSBC HKD Savings Account,16/6/2025,DIN KHALIFA JAN N61634124387(16JUN25)," 3,000.00 ",," 159,001.62 "," 159,001.62 ",,,,,,,,,,,,,,4000,Sales,,,,
HSBC HKD Savings Account,18/6/2025,CILIWUNG LTD ATM TRANSFER (18JUN25)," 4,000.00 ",," 163,001.62 "," 163,001.62 ",,,,,,,,,,,,,,4000,Sales,,,,
HSBC HKD Savings Account,19/6/2025,5592-4033-3377-2530 N61943925729(19JUN25),, 158.00 ,," 162,843.62 ",,,,,,,,,,,,,,2400,Director's C/A-JW,,,,
HSBC HKD Savings Account,19/6/2025,CR TO 023-723877-838 N61943968766(19JUN25),, 250.00 ,," 162,593.62 ",,,,,,,,,,,,,,6950,Office expenses,,,,
HSBC HKD Savings Account,19/6/2025,SALARY CLAIM EXPENS,," 3,972.70 "," 158,620.92 "," 158,620.92 ",,,,,,,,,,,,,,1090,Interbank,,,,
HSBC HKD Savings Account,20/6/2025,APS CHARGES CLAIM EXPENSSALARY,, 1.00 ," 158,619.92 "," 158,619.92 ",,,,,,,,,,,,,,6200,Bank charges,,,,
HSBC HKD Savings Account,28/6/2025,CREDIT INTEREST, 39.61 ,," 158,659.53 "," 158,659.53 ",,,,,,,,,,,,,,4100,Bank interest income,,,,
HSBC HKD Savings Account,30/6/2025,REF:5894 0229 CHEQUE DEPOSIT MACHINE (30JUN25)," 10,800.00 ",," 169,459.53 "," 169,459.53 ",,,,,,,,,,,,,,4000,Sales,,,,
HSBC HKD Savings Account,7/7/2025,SALARY SALARY,," 47,200.00 ",," 122,259.53 ",,,,,,,,,,,,,,7300,Salaries,,,,
HSBC HKD Savings Account,7/7/2025,004521304535034 LOAN INTEREST,," 2,350.00 ",," 119,909.53 ",,,,,,,,,,,,,,8001,Interest on bank loans-034,,,,
HSBC HKD Savings Account,7/7/2025,REF:58AB 0229 CHEQUE DEPOSIT MACHINE (07JUL25)," 26,300.00 ",,," 146,209.53 ",,,,,,,,,,,,,,4000,Sales,,,,
HSBC HKD Savings Account,7/7/2025,LAM Y*** M** J**** HC12570767797211 07JUL,, 710.80 ,," 145,498.73 ",,,,,,,,,,,,,,7300,Salaries,,,,
HSBC HKD Savings Account,7/7/2025,CR TO 129-496493-001 OFFICE RENT (07JUL25),," 5,980.00 ",," 139,518.73 ",,,,,,,,,,,,,,7200,Rental expenses,,,,
HSBC HKD Savings Account,7/7/2025,5592-4033-3377-2530 N70709375215(07JUL25),," 1,558.50 ",," 137,960.23 ",,,,,,,,,,,,,,2400,Director's C/A-JW,,,,
HSBC HKD Savings Account,7/7/2025,SALARY SALARY,," 54,427.50 "," 83,532.73 "," 83,532.73 ",,,,,,,,,,,,,,7300,Salaries,,,,
HSBC HKD Savings Account,8/7/2025,APS CHARGES SALARY SALARY,, 1.00 ,," 83,531.73 ",,,,,,,,,,,,,,6200,Bank charges,,,,
HSBC HKD Savings Account,8/7/2025,APS CHARGES SALARY SALARY,, 6.00 ," 83,525.73 "," 83,525.73 ",,,,,,,,,,,,,,6200,Bank charges,,,,
HSBC HKD Savings Account,15/7/2025,SALARY EXPENSES,," 2,607.90 "," 80,917.83 "," 80,917.83 ",,,,,,,,,,,,,,1090,Interbank,,,,
HSBC HKD Savings Account,16/7/2025,APS CHARGES EXPENSES SALARY,, 0.50 ," 80,917.33 "," 80,917.33 ",,,,,,,,,,,,,,6200,Bank charges,,,,
HSBC HKD Savings Account,25/7/2025,FROM KY DESIGN AND E ECQ DEPOSIT 003015," 3,600.00 ",," 84,517.33 "," 84,517.33 ",,,,,,,,,,,,,,4000,Sales,,,,
HSBC HKD Savings Account,28/7/2025,CREDIT INTEREST, 22.25 ,,," 84,539.58 ",,,,,,,,,,,,,,4100,Bank interest income,,,,
HSBC HKD Savings Account,28/7/2025,HONOR U CHEQUE DEPOSIT MACHINE (28JUL25)," 12,000.00 ",," 96,539.58 "," 96,539.58 ",,,,,,,,,,,,,,4000,Sales,,,,
HSBC HKD Savings Account,30/7/2025,IGATHER (GLOBAL) ENT HC12573029214474 30JUL,, 100.00 ," 96,439.58 "," 96,439.58 ",,,,,,,,,,,,,,5310,Cost of services,,,,
HSBC HKD Savings Account,31/7/2025,REF:58EE 0390 CHEQUE DEPOSIT MACHINE (31JUL25)," 3,600.00 ",," 100,039.58 "," 100,039.58 ",,,,,,,,,,,,,,4000,Sales,,,,
HSBC HKD Savings Account,6/8/2025,004521304535034 LOAN INTEREST,," 2,350.00 ",," 97,689.58 ",,,,,,,,,,,,,,8001,Interest on bank loans-034,,,,
HSBC HKD Savings Account,6/8/2025,W OFFICE LIMITED N80612413009(06AUG25)," 20,000.00 ",,," 117,689.58 ",,,,,,,,,,,,,,1090,Interbank,,,,
HSBC HKD Savings Account,6/8/2025,CR TO 168-294437-001 RENT (06AUG25),," 5,980.00 ",," 111,709.58 ",,,,,,,,,,,,,,7200,Rental expenses,,,,
HSBC HKD Savings Account,6/8/2025,CR TO 129-496493-001 DOOR CARD (06AUG25),, 50.00 ,," 111,659.58 ",,,,,,,,,,,,,,7200,Rental expenses,,,,
HSBC HKD Savings Account,6/8/2025,SALARY SALARY,," 47,436.50 ",," 64,223.08 ",,,,,,,,,,,,,,7300,Salaries,,,,
HSBC HKD Savings Account,6/8/2025,SALARY SALARY 2,," 51,102.00 "," 13,121.08 "," 13,121.08 ",,,,,,,,,,,,,,7300,Salaries,,,,
HSBC HKD Savings Account,7/8/2025,APS CHARGES SALARY 2 SALARY,, 1.00 ,," 13,120.08 ",,,,,,,,,,,,,,6200,Bank charges,,,,
HSBC HKD Savings Account,7/8/2025,APS CHARGES SALARY SALARY,, 6.00 ,," 13,114.08 ",,,,,,,,,,,,,,6200,Bank charges,,,,
HSBC HKD Savings Account,7/8/2025,LAM Y*** M** J**** HC12580754778803 07AUG,," 1,369.40 "," 11,744.68 "," 11,744.68 ",,,,,,,,,,,,,,7300,Salaries,,,,
HSBC HKD Savings Account,11/8/2025,IGATHER (GLOBAL) ENT HC12581166781001 11AUG,, 100.00 ," 11,644.68 "," 11,644.68 ",,,,,,,,,,,,,,5310,Cost of services,,,,
HSBC HKD Savings Account,19/8/2025,REF:587A 0221 CHEQUE DEPOSIT MACHINE (19AUG25)," 47,000.00 ",," 58,644.68 "," 58,644.68 ",,,,,,,,,,,,,,4000,Sales,,,,
HSBC HKD Savings Account,22/8/2025,FG00121092 SFGS GUAR ANTEE FEE SUBSIDY 2025," 3,049.80 ",," 61,694.48 "," 61,694.48 ",,,,,,,,,,,,,,4300,Sundry income,,,,
HSBC HKD Savings Account,26/8/2025,TIBERIAN LIMITED ATM TRANSFER (26AUG25)," 2,200.00 ",," 63,894.48 "," 63,894.48 ",,,,,,,,,,,,,,4000,Sales,,,,
HSBC HKD Savings Account,27/8/2025,5592-4033-3377-2530 N82782450602(27AUG25),," 2,396.70 "," 61,497.78 "," 61,497.78 ",,,,,,,,,,,,,,2400,Director's C/A-JW,,,,
HSBC HKD Savings Account,28/8/2025,CREDIT INTEREST, 10.94 ,," 61,508.72 "," 61,508.72 ",,,,,,,,,,,,,,4100,Bank interest income,,,,
HSBC HKD Savings Account,3/9/2025,SALARY EXP,," 1,944.10 "," 59,564.62 "," 59,564.62 ",,,,,,,,,,,,,,1090,Interbank,,,,
HSBC HKD Savings Account,4/9/2025,APS CHARGES EXP SALARY,, 1.00 ,," 59,563.62 ",,,,,,,,,,,,,,6200,Bank charges,,,,
HSBC HKD Savings Account,4/9/2025,HONOR U CHEQUE DEPOSIT MACHINE (04SEP25)," 12,000.00 ",,," 71,563.62 ",,,,,,,,,,,,,,4000,Sales,,,,
HSBC HKD Savings Account,4/9/2025,LAM Y*** M** J**** HC12590436563687 04SEP,," 1,278.40 ",," 70,285.22 ",,,,,,,,,,,,,,7300,Salaries,,,,
HSBC HKD Savings Account,4/9/2025,W OFFICE LIMITED N90414241906(04SEP25)," 53,000.00 ",,," 123,285.22 ",,,,,,,,,,,,,,1090,Interbank,,,,
HSBC HKD Savings Account,4/9/2025,SALARY SALARY,," 52,364.00 ",," 70,921.22 ",,,,,,,,,,,,,,7300,Salaries,,,,
HSBC HKD Savings Account,4/9/2025,SALARY,," 52,858.00 "," 18,063.22 "," 18,063.22 ",,,,,,,,,,,,,,7300,Salaries,,,,
HSBC HKD Savings Account,5/9/2025,APS CHARGES I02 SALARY,, 1.00 ,," 18,062.22 ",,,,,,,,,,,,,,6200,Bank charges,,,,
HSBC HKD Savings Account,5/9/2025,APS CHARGES SALARY SALARY,, 6.00 ," 18,056.22 "," 18,056.22 ",,,,,,,,,,,,,,6200,Bank charges,,,,
HSBC HKD Savings Account,6/9/2025,004521304535034 LOAN INTEREST,," 2,350.00 "," 15,706.22 "," 15,706.22 ",,,,,,,,,,,,,,8001,Interest on bank loans-034,,,,
HSBC HKD Savings Account,9/9/2025,CR TO 129-496493-001 N90931636538(09SEP25),," 5,980.00 "," 9,726.22 "," 9,726.22 ",,,,,,,,,,,,,,7200,Rental expenses,,,,
HSBC HKD Savings Account,12/9/2025,CILIWUNG LTD ATM TRANSFER (12SEP25)," 47,000.00 ",," 56,726.22 "," 56,726.22 ",,,,,,,,,,,,,,4000,Sales,,,,
HSBC HKD Savings Account,22/9/2025,REF:58A9 0329 CHEQUE DEPOSIT MACHINE (22SEP25)," 10,800.00 ",," 67,526.22 "," 67,526.22 ",,,,,,,,,,,,,,4000,Sales,,,,
HSBC HKD Savings Account,27/9/2025,CREDIT INTEREST, 8.20 ,," 67,534.42 "," 67,534.42 ",,,,,,,,,,,,,,4100,Bank interest income,,,,
HSBC HKD Savings Account,6/10/2025,BLG CQBK FEE,, 100.00 ,," 67,434.42 ",,,,,,,,,,,,,,6200,Bank charges,,,,
HSBC HKD Savings Account,6/10/2025,004521304535034 LOAN INTEREST,," 2,350.00 ",," 65,084.42 ",,,,,,,,,,,,,,8001,Interest on bank loans-034,,,,
HSBC HKD Savings Account,6/10/2025,W OFFICE LIMITED NA0628155562(06OCT25)," 30,000.00 ",,," 95,084.42 ",,,,,,,,,,,,,,1090,Interbank,,,,
HSBC HKD Savings Account,6/10/2025,CR TO 129-496493-001 OFFICE RENT (06OCT25),," 5,980.00 ",," 89,104.42 ",,,,,,,,,,,,,,7200,Rental expenses,,,,
HSBC HKD Savings Account,6/10/2025,SALARY SALARY,," 41,200.10 ",," 47,904.32 ",,,,,,,,,,,,,,7300,Salaries,,,,
HSBC HKD Savings Account,6/10/2025,SALARY SALARY,," 44,857.50 "," 3,046.82 "," 3,046.82 ",,,,,,,,,,,,,,7300,Salaries,,,,
HSBC HKD Savings Account,8/10/2025,APS CHARGES SALARY SALARY,, 1.00 ,," 3,045.82 ",,,,,,,,,,,,,,6200,Bank charges,,,,
HSBC HKD Savings Account,8/10/2025,APS CHARGES SALARY SALARY,, 4.00 ," 3,041.82 "," 3,041.82 ",,,,,,,,,,,,,,6200,Bank charges,,,,
HSBC HKD Savings Account,9/10/2025,CR TO 121-866131-001 NA0940660060(09OCT25),," 3,000.00 ", 41.82 , 41.82 ,,,,,,,,,,,,,,1090,Interbank,,,,
HSBC HKD Savings Account,16/10/2025,HONORU CHEQUE DEPOSIT MACHINE (16OCT25)," 11,000.00 ",,," 11,041.82 ",,,,,,,,,,,,,,4000,Sales,,,,
HSBC HKD Savings Account,16/10/2025,HONORU CHEQUE DEPOSIT MACHINE (16OCT25)," 13,000.00 ",," 24,041.82 "," 24,041.82 ",,,,,,,,,,,,,,4000,Sales,,,,
HSBC HKD Savings Account,20/10/2025,CILIWUNG LTD ATM TRANSFER (19OCT25)," 47,000.00 ",," 71,041.82 "," 71,041.82 ",,,,,,,,,,,,,,4000,Sales,,,,
HSBC HKD Savings Account,24/10/2025,CR TO 456-076512-833 NA2493662058(24OCT25),," 3,322.78 ",," 67,719.04 ",,,,,,,,,,,,,,1090,Interbank,,,,
HSBC HKD Savings Account,24/10/2025,SALARY EXPENSES,, 518.00 ," 67,201.04 "," 67,201.04 ",,,,,,,,,,,,,,1090,Interbank,,,,
HSBC HKD Savings Account,27/10/2025,APS CHARGES EXPENSES SALARY,, 0.50 ," 67,200.54 "," 67,200.54 ",,,,,,,,,,,,,,6200,Bank charges,,,,
HSBC HKD Savings Account,28/10/2025,CREDIT INTEREST, 4.51 ,," 67,205.05 "," 67,205.05 ",,,,,,,,,,,,,,4100,Bank interest income,,,,
HSBC HKD Savings Account,30/10/2025,CILIWUNG LTD ATM TRANSFER (29OCT25)," 10,000.00 ",," 77,205.05 "," 77,205.05 ",,,,,,,,,,,,,,4000,Sales,,,,
HSBC HKD Savings Account,6/11/2025,004521304535034 LOAN INTEREST,," 2,350.00 ",," 74,855.05 ",,,,,,,,,,,,,,8001,Interest on bank loans-034,,,,
HSBC HKD Savings Account,6/11/2025,SALARY SALARY,," 23,126.33 ",," 51,728.72 ",,,,,,,,,,,,,,7300,Salaries,,,,
HSBC HKD Savings Account,6/11/2025,SALARY SALARY,," 48,261.90 "," 3,466.82 "," 3,466.82 ",,,,,,,,,,,,,,7300,Salaries,,,,
HSBC HKD Savings Account,7/11/2025,APS CHARGES SALARY SALARY,, 0.50 ,," 3,466.32 ",,,,,,,,,,,,,,6200,Bank charges,,,,
HSBC HKD Savings Account,7/11/2025,APS CHARGES SALARY SALARY,, 5.00 ," 3,461.32 "," 3,461.32 ",,,,,,,,,,,,,,6200,Bank charges,,,,
HSBC HKD Savings Account,11/11/2025,W OFFICE LIMITED NB1164886885(11NOV25)," 20,000.00 ",," 23,461.32 "," 23,461.32 ",,,,,,,,,,,,,,1090,Interbank,,,,
HSBC HKD Savings Account,14/11/2025,MICON ASIA LIMITED HC125B1450522856 14NOV," 1,800.00 ",," 25,261.32 "," 25,261.32 ",,,,,,,,,,,,,,4000,Sales,,,,
HSBC HKD Savings Account,18/11/2025,SALARY,," 17,100.00 "," 8,161.32 "," 8,161.32 ",,,,,,,,,,,,,,7300,Salaries,,,,
HSBC HKD Savings Account,19/11/2025,APS CHARGES I01 SALARY,, 0.50 ," 8,160.82 "," 8,160.82 ",,,,,,,,,,,,,,6200,Bank charges,,,,
HSBC HKD Savings Account,24/11/2025,REF:5894 0160 CHEQUE DEPOSIT MACHINE (24NOV25)," 10,800.00 ",,," 18,960.82 ",,,,,,,,,,,,,,4000,Sales,,,,
HSBC HKD Savings Account,24/11/2025,ALPHGA LIMITED HC125B2478079887 24NOV,," 2,994.00 ",," 15,966.82 ",,,,,,,,,,,,,,6810,Marketing expenses,,,,
HSBC HKD Savings Account,24/11/2025,5592-4033-3377-2530 NB2410547133(24NOV25),, 881.69 ," 15,085.13 "," 15,085.13 ",,,,,,,,,,,,,,2400,Director's C/A-JW,,,,
HSBC HKD Savings Account,28/11/2025,CREDIT INTEREST, 0.80 ,," 15,085.93 "," 15,085.93 ",,,,,,,,,,,,,,4100,Bank interest income,,,,
HSBC HKD Savings Account,2/12/2025,YAU KWOK LEUNG NC0243521715(02DEC25)," 20,000.00 ",," 35,085.93 "," 35,085.93 ",,,,,,,,,,,,,,2420,Director's C/A-Speed,,,,
HSBC HKD Savings Account,3/12/2025,WONG YU TING HC125C0308267452 03DEC," 30,000.00 ",," 65,085.93 "," 65,085.93 ",,,,,,,,,,,,,,2400,Director's C/A-JW,,,,
HSBC HKD Savings Account,4/12/2025,W OFFICE LIMITED NC0451520698(04DEC25)," 9,000.00 ",,," 74,085.93 ",,,,,,,,,,,,,,1090,Interbank,,,,
HSBC HKD Savings Account,4/12/2025,SALARY,," 20,391.75 ",," 53,694.18 ",,,,,,,,,,,,,,7300,Salaries,,,,
HSBC HKD Savings Account,4/12/2025,SALARY,," 43,005.00 "," 10,689.18 "," 10,689.18 ",,,,,,,,,,,,,,7300,Salaries,,,,
HSBC HKD Savings Account,5/12/2025,APS CHARGES I02 SALARY,, 0.50 ,," 10,688.68 ",,,,,,,,,,,,,,6200,Bank charges,,,,
HSBC HKD Savings Account,5/12/2025,APS CHARGES I01 SALARY,, 5.00 ," 10,683.68 "," 10,683.68 ",,,,,,,,,,,,,,6200,Bank charges,,,,
HSBC HKD Savings Account,6/12/2025,004521304535034 LOAN INTEREST,," 2,350.00 "," 8,333.68 "," 8,333.68 ",,,,,,,,,,,,,,8001,Interest on bank loans-034,,,,
HSBC HKD Savings Account,8/12/2025,ICARE CHEQUE DEPOSIT MACHINE (08DEC25)," 10,000.00 ",," 18,333.68 "," 18,333.68 ",,,,,,,,,,,,,,4000,Sales,,,,
HSBC HKD Savings Account,9/12/2025,TIB7 LIMITED ATM TRANSFER (09DEC25)," 2,200.00 ",," 20,533.68 "," 20,533.68 ",,,,,,,,,,,,,,4000,Sales,,,,
HSBC HKD Savings Account,16/12/2025,5592-4033-3377-2530 NC1695533679(16DEC25),, 158.00 ,," 20,375.68 ",,,,,,,,,,,,,,2400,Director's C/A-JW,,,,
HSBC HKD Savings Account,16/12/2025,LIGNUM ACCOUNTING SE HC125C1648914538 16DEC,," 2,200.00 "," 18,175.68 "," 18,175.68 ",,,,,,,,,,,,,,5310,Cost of services,,,,
HSBC HKD Savings Account,27/12/2025,CREDIT INTEREST, 0.03 ,," 18,175.71 "," 18,175.71 ",,,,,,,,,,,,,,4100,Bank interest income,,,,
HSBC HKD Savings Account,30/12/2025,KUDIAN CHEQUE DEPOSIT MACHINE (30DEC25)," 8,000.00 ",,," 26,175.71 ",,,,,,,,,,,,,,4000,Sales,,,,
HSBC HKD Savings Account,30/12/2025,MAKIT CHEQUE DEPOSIT MACHINE (30DEC25)," 6,000.00 ",," 32,175.71 "," 32,175.71 ",,,,,,,,,,,,,,4000,Sales,,,,
